@Book {ludwig2013,
    author = "Petr Ludwig",
    title  = "Konec prokrastinace: jak přestat odkládat a začít žít naplno",
    publisher = "Jan Melvil",
    year   = "2013"
}
@book{topf2014,
    author = "Cornelia Topf",
    title = "Sebekoučink pro ženy. Z nejpřísnější kritičky svou nejlepší rádkyní",
    publisher = "Portál",
    year = "2014"
}
@BOOK {odmaturuj2004,
    author    = "Kolektiv autorů",
    title     = "Odmaturuj ze společenských věd",
    publisher = "DIDAKTIS spol. s. r. o.",
    year      = "2004",
    volume    = "První vydání"
}
@book{dospelost_je_mytus,
    author = "Sarah Andersenová",
    title = "Dospělost je mýtus",
    publisher = "Albatros Media a.s.",
    year = "2016"
}
@book{hromada_stesti,
    author = "Sarah Andersenová",
    title = "Ubulená hromádka štěstí",
    publisher = "Albatros Media a.s.",
    year = "2017"
}
@book{babauta2009,
    author = "Leo Babauta",
    title = "Zen a hotovo",
    publisher = "Jan Melvil"
    year = "2009"
}
@book{stephens2013,
    author = "Dale J. Stephens",
    title = "Vzdělávejte se po svém: nechte přednášek, ušetřete spoustu peněz a naučte se víc, než se kdy naučí vaši vrstevníci",
    publisher = "Flow Brno",
    year = "2013"
}
@ONLINE {ted,
    author = "TED: Ideas worth spreading",
    title  = "TED Talks",
    year   = "2019",
    note    = "Dostupné online na https://www.ted.com/"
}
@online{calendar,
    author = "Google",
    title = "Calendar",
    year = "2019",
    note = "Dostupné online na https://calendar.google.com/calendar/r"
}
@online{todoist,
    author = "Todois",
    title = "Organize life",
    year = "2019",
    note = "Dostupné online na https://todoist.com"
}
@online{github,
    author = "Github",
    title = "",
    year = "2019",
    note = "Dostupné online na https://github.com"
}
@online{gitlab,
    author = "Gitlab",
    title = "", 
    year = "2019",
    note = "Dostupné online na https://gitlab.com"
}